@book{samsSQL,
author = {Stephens, R, Plew, R. , Jones, A. D.},
title = {{Sams Teach Yourself SQL in 24 Hours}},
year = {2011}
}
@misc{dsToolbox,
  title = {The Data Scientist's Toolbox},
  howpublished = {\url{http://datasciencespecialization.github.io/toolbox/}}
}
@misc{gitSync,
  title = {GitHub Online Help Documentation},
  howpublished = {\url{https://help.github.com/articles/fork-a-repo/}}
}